<record xmlns="http://www.loc.gov/MARC21/slim" xmlns:xsi="http://www.w3.org/2001/XMLSchema-instance" xsi:schemaLocation="http://www.loc.gov/MARC21/slim http://www.loc.gov/standards/marcxml/schema/MARC21slim.xsd">

  <leader>00575nam a2200145Ia 4500</leader>
  <datafield ind2=" " tag="999" ind1=" ">
    <subfield code="c">110</subfield>
    <subfield code="d">110</subfield>
  </datafield>
  <controlfield tag="008">150727b2007    u  ||||| |||| 00| | en  d</controlfield>
  <datafield ind1=" " tag="090" ind2=" ">
    <subfield code="a">08.15.02 </subfield>
    <subfield code="b">1531</subfield>
  </datafield>
  <datafield tag="110" ind2=" " ind1="2">
    <subfield code="a">Adobe Systems Incorporated and Licensors</subfield>
    <subfield code="9">528</subfield>
  </datafield>
  <datafield ind1="1" ind2="0" tag="245">
    <subfield code="a">Adobe Photoshop CS3: class in  a book / </subfield>
    <subfield code="c">Adobe Systems Incorporated and Licensors</subfield>
  </datafield>
  <datafield tag="260" ind2=" " ind1=" ">
    <subfield code="a">California, U.S. : </subfield>
    <subfield code="b">Peachpit, Berkeley, CA, </subfield>
    <subfield code="c">2007</subfield>
  </datafield>
  <datafield ind1=" " tag="300" ind2=" ">
    <subfield code="a">478 páginas</subfield>
  </datafield>
  <datafield ind1=" " ind2=" " tag="500">
    <subfield code="a">ncluye CD - ROM #146Includes training with Photoshop CS3 &amp; CS3 Extended and 16 movie tutorial. </subfield>
  </datafield>
  <datafield ind1="1" ind2="4" tag="650">
    <subfield code="9">1302</subfield>
    <subfield code="a">PROGRAMAS DE COMPUTADORA</subfield>
  </datafield>
  <datafield tag="942" ind2=" " ind1=" ">
    <subfield code="2">z</subfield>
    <subfield code="c">01</subfield>
  </datafield>
</record>